@article{tillman,
  title={Hubble Space Telescope: Pictures, facts and history},
  author={Tillman, Nola Taylor},
  year={2022},
}
@article{SDSS,
  title={Data Release 17 Scope},
  author={Sloan Digital Sky Survey},
  year={2022},
  url = {https://www.sdss.org/dr17/scope/},
}


